@ONLINE{tado,
    title = "Tado° {[online]}",
    organization = "tado°",
    url = "https://www.tado.com/cz/",
    note = "[cit. 2019-04-03]",
}

@ONLINE{honey,
    title = "Honeywell {[online]}",
    organization = "Honeywell",
    url = "https://www.honeywellstore.com/store/category/thermostats.htm",
    note = "[cit. 2019-04-03]",
}

@ONLINE{wemos,
    title = "Arduino shop {[online]}",
    organization = "Arduino shop",
    url = "https://navody.arduino-shop.cz/navody-k-produktum/esp8266-vyvojova-deska-wemos-d1.html",
    note = "[cit. 2019-04-03]",
}

@ONLINE{linq,
    title = "Dokumentace Microsoft {[online]}",
    organization = "Microsoft",
    url = "https://docs.microsoft.com/cs-cz/dotnet/api/system.xml.linq?view=netframework-4.7.2",
    note = "[cit. 2019-04-03]",
}

@ONLINE{tcp,
    title = "Dokumentace Oracle {[online]}",
    organization = "Oracle",
    url = "https://docs.oracle.com/cd/E18752_01/html/816-4554/ipov-29.html",
    note = "[cit. 2019-04-03]",
}

@ONLINE{winForms,
    title = "Dokumentace Microsoft {[online]}",
    organization = "Microsoft",
    url = "https://docs.microsoft.com/cs-cz/dotnet/framework/winforms/windows-forms-overview",
    note = "[cit. 2019-04-03]",
}

@ONLINE{bezier,
    title = "Dokumentace Microsoft {[online]}",
    organization = "Microsoft",
    url = "https://docs.microsoft.com/cs-cz/dotnet/api/system.drawing.graphics.drawbezier?view=netframework-4.7.2",
    note = "[cit. 2019-04-03]",
}

@ONLINE{xml,
    title = "W3schools {[online]}",
    organization = "W3schools",
    url = "https://www.w3schools.com/xml/",
    note = "[cit. 2019-04-16]",
}

@ONLINE{xmlDoc,
    title = "Dokumentace Microsoft {[online]}",
    organization = "Microsoft",
    url = "https://docs.microsoft.com/cs-cz/dotnet/api/system.xml.xmldocument?view=netframework-4.7.2",
    note = "[cit. 2019-04-16]",
}

@ONLINE{linqGuide,
    title = "Dokumentace Microsoft {[online]}",
    organization = "Microsoft",
    url = "https://docs.microsoft.com/cs-cz/dotnet/csharp/programming-guide/concepts/linq/",
    note = "[cit. 2019-04-16]",
}

@ONLINE{rainbow,
    title = "Rainbow Tables: Your Password's Worst Nightmare {[online]}",
    organization = "Lifewire",
    url = "https://www.lifewire.com/rainbow-tables-your-passwords-worst-nightmare-2487288",
    note = "[cit. 2019-04-17]",
}

@ONLINE{passwords,
    title = "Serious Security: How to store your users’ passwords safely {[online]}",
    organization = "Naked Security",
    url = "https://nakedsecurity.sophos.com/2013/11/20/serious-security-how-to-store-your-users-passwords-safely/",
    note = "[cit. 2019-04-17]",
}

@ONLINE{rfc,
    title = "Dokumentace Microsoft {[online]}",
    organization = "Microsoft",
    url = "https://docs.microsoft.com/cs-cz/dotnet/api/system.security.cryptography.rfc2898derivebytes?view=netframework-4.7.2",
    note = "[cit. 2019-04-17]",
}

@ONLINE{rng,
    title = "Dokumentace Microsoft {[online]}",
    organization = "Microsoft",
    url = "https://docs.microsoft.com/cs-cz/dotnet/api/system.security.cryptography.rngcryptoserviceprovider?view=netframework-4.7.2",
    note = "[cit. 2019-04-17]",
}

@ONLINE{tdd,
    title = "What is Test Driven Development (TDD)? {[online]}",
    organization = "GURU99",
    url = "https://www.guru99.com/test-driven-development.html",
    note = "[cit. 2019-04-26]",
}

@ONLINE{mstest,
    title = "Dokumentace Microsoft {[online]}",
    organization = "Microsoft",
    url = "https://github.com/Microsoft/testfx-docs",
    note = "[cit. 2019-04-27]",
}

@ONLINE{ascii,
    title = "ASCII Table and Description {[online]}",
    organization = "Lookup Tables",
    url = "http://www.asciitable.com/",
    note = "[cit. 2019-04-27]",
}

@ONLINE{windowsPer,
    title = "Desktop Windows Version Market Share Worldwide {[online]}",
    organization = "StatCounter",
    url = "http://gs.statcounter.com/windows-version-market-share/desktop/worldwide",
    note = "[cit. 2019-04-27]",
}

@ONLINE{osPer,
    title = "Desktop Operating System Market Share Worldwide {[online]}",
    organization = "StatCounter",
    url = "http://gs.statcounter.com/os-market-share/desktop/worldwide",
    note = "[cit. 2019-05-01]",
}

@ONLINE{netNews,
    title = "What's new in the .NET Framework {[online]}",
    organization = "Microsoft",
    url = "https://docs.microsoft.com/cs-cz/dotnet/framework/whats-new/\#whats-new-in-net-framework-472",
    note = "[cit. 2019-04-27]",
}

@ONLINE{ardFAQ,
    title = "Frequently Asked Questions {[online]}",
    organization = "Arduino",
    url = "https://www.arduino.cc/en/main/FAQ",
    note = "[cit. 2019-04-30]",
}

@ONLINE{casoveServery,
    title = "Časové servery {[online]}",
    organization = "Přesný čas",
    url = "http://www.presnycas.org/casove-servery.html",
    note = "[cit. 2019-04-30]",
}

@ONLINE{port123,
    title = "Port 123 Details {[online]}",
    organization = "SpeedGuide",
    url = "https://www.speedguide.net/port.php?port=123",
    note = "[cit. 2019-04-30]",
}

@ONLINE{NTP,
    title = "Network Time Protocol (NTP) Client {[online]}",
    organization = "Arduino",
    url = "https://www.arduino.cc/en/Tutorial/UdpNTPClient",
    note = "[cit. 2019-04-30]",
}

@ONLINE{thermistor,
    title = "Using a Thermistor {[online]}",
    organization = "Adafruit",
    url = "https://learn.adafruit.com/thermistor/using-a-thermistor",
    note = "[cit. 2019-04-30]",
}

@BOOK{rybicka,
	title = "LaTeX pro za\v c\'ate\v cn\'\i{}ky",
	author = "Ji{\v r}{\' i} Rybicka",
	isbn = "80-7302-049-1",
	publisher = "Brno: Konvoj",
	edition = "3"
}
